<collection xmlns="http://www.loc.gov/MARC21/slim">
<record>
  <leader>01102nam0a22002411i 450 </leader>
  <controlfield tag="001">IT\ICCU\CNCE\065750</controlfield>
  <controlfield tag="005">20061113000000.0</controlfield>
  <datafield tag="012" ind1=" " ind2=" ">
    <subfield code="a">a-i- tqu- uin- maco (3) 1592 (A)</subfield>
    <subfield code="2">fei</subfield>
  </datafield>
  <datafield tag="100" ind1=" " ind2=" ">
    <subfield code="a">20060727d1592        0itac0103    ba</subfield>
  </datafield>
  <datafield tag="101" ind1=" " ind2=" ">
    <subfield code="a">LAT</subfield>
  </datafield>
  <datafield tag="102" ind1=" " ind2=" ">
    <subfield code="a">IT</subfield>
  </datafield>
  <datafield tag="200" ind1="1" ind2=" ">
    <subfield code="a">Pro s.d.n. Clemente octauo ad summi pontificis Romani inter populum mediatoris, &amp; Deum, culmen, &amp; onus, adsumpto. Caesaris de Rocca doctoris theologi, oratio. Ad gentem, &amp; rempublicam christianam</subfield>
  </datafield>
  <datafield tag="210" ind1=" " ind2=" ">
    <subfield code="a">Vrbini</subfield>
    <subfield code="c">apud Bartholomeum Ragusium</subfield>
    <subfield code="d">1592</subfield>
    <subfield code="e">Vrbini</subfield>
    <subfield code="g">apud Bartholomaeum Ragusium</subfield>
    <subfield code="h">1592</subfield>
  </datafield>
  <datafield tag="215" ind1=" " ind2=" ">
    <subfield code="a">31, \1! p.</subfield>
    <subfield code="d">4ʻ</subfield>
  </datafield>
  <datafield tag="300" ind1=" " ind2=" ">
    <subfield code="a">Eliminata perch ̌accorpata a CNC51025</subfield>
  </datafield>
  <datafield tag="620" ind1=" " ind2=" ">
    <subfield code="a">IT</subfield>
    <subfield code="d">Urbino</subfield>
  </datafield>
  <datafield tag="700" ind1=" " ind2="1">
    <subfield code="a">Della_Rocca,</subfield>
    <subfield code="b">Cesare</subfield>
    <subfield code="3">IT\ICCU\CNCA\010401</subfield>
  </datafield>
  <datafield tag="712" ind1="0" ind2="0">
    <subfield code="a">Ragusi, Bartolomeo</subfield>
    <subfield code="3">IT\ICCU\CNCT\000005</subfield>
    <subfield code="4">650</subfield>
  </datafield>
  <datafield tag="790" ind1=" " ind2="1">
    <subfield code="a">Rocca,</subfield>
    <subfield code="b">Caesare</subfield>
    <subfield code="3">IT\ICCU\CNCA\018524</subfield>
    <subfield code="z">Della_Rocca, Cesare</subfield>
  </datafield>
  <datafield tag="791" ind1="0" ind2="0">
    <subfield code="a">Ragusius, Bartholomaeus</subfield>
    <subfield code="3">IT\ICCU\CNCT\005283</subfield>
    <subfield code="z">Ragusi, Bartolomeo</subfield>
  </datafield>
  <datafield tag="791" ind1="0" ind2="0">
    <subfield code="a">Ragusij, Bartholomeo</subfield>
    <subfield code="3">IT\ICCU\CNCT\005285</subfield>
    <subfield code="z">Ragusi, Bartolomeo</subfield>
  </datafield>
  <datafield tag="801" ind1=" " ind2="3">
    <subfield code="a">IT</subfield>
    <subfield code="b">ICCU</subfield>
    <subfield code="c">20201115</subfield>
  </datafield>
  <datafield tag="899" ind1=" " ind2=" ">
    <subfield code="a">Accademia Georgica. Treia</subfield>
    <subfield code="1">MC0251</subfield>
    <subfield code="2">UMC AG</subfield>
  </datafield>
</record>
</collection>
